@inproceedings{chung2015long,
  title={A Long-Term Study of a Crowdfunding Platform: Predicting Project Success and Fundraising Amount},
  author={Chung, Jinwook and Lee, Kyumin},
  booktitle={Proceedings of the 26th ACM Conference on Hypertext \& Social Media},
  pages={211--220},
  year={2015},
  organization={ACM}
}